@misc{BNN-Architecture,
    author = {Arjun Pal Chowdhury, Pranav Kulkarni, Mahdi Nazm Bojnordi},
    title = {MB-CNN: Memristive Binary Convolutional Neural Networks for Embedded Mobile Devices},
    howpublished = "\url{https://www.researchgate.net/publication/328286156_MB-CNN_Memristive_Binary_Convolutional_Neural_Networks_for_Embedded_Mobile_Devices#pf3}",
    year = {October 2018},
    note = "[Online; accessed 22-December-2023]"
}

@misc{postovan2023architecturing,
      title={Architecturing Binarized Neural Networks for Traffic Sign Recognition}, 
      author={Andreea Postovan and Mădălina Eraşcu},
      year={2023},
      eprint={2303.15005},
      archivePrefix={arXiv},
      primaryClass={cs.CV}
}

@misc{alpha-beta,
    author = {huanzhang12},
    title = {{alpha-beta-CROWN}},
    howpublished = "\url{https://github.com/Verified-Intelligence/alpha-beta-CROWN}",
    year = {2023}, 
    note = "[Online; accessed 18-December-2023]"
}

@misc{marabou,
    author = {wu-haoze},
    title = {{marabou}},
    howpublished = "\url{https://github.com/NeuralNetworkVerification/Marabou/tree/master}",
    year = {2023}, 
}